@InProceedings{BatinaHJMV10,
  author    = "Lejla Batina and Jaap-Henk Hoepman and Bart Jacobs and Wojciech
Mostowski and Pim Vullers",
  title     = "Developing Efficient Blinded Attribute Certificates on Smart
Cards via Pairings",
  booktitle = "Smart Card Research and Advanced Applications, 9th IFIP WG
8.8/11.2 International Conference, CARDIS 2010, Passau, Germany, April 13-16,
2010. Proceedings",
  pages     = "209-222",
  editor    = "Dieter Gollmann and Jean-Louis Lanet",
  publisher = "Springer-Verlag",
  series    = "Lecture Notes in Computer Science (LNCS)",
  volume    = "6035",
  month     = "April",
  year      = "2010",
}

@InProceedings{HoepmanJV10,
  author = "Jaap-Henk Hoepman and Bart Jacobs and Pim Vullers",
  title = "Privacy and Security Issues in e-Ticketing -- {Optimisation} of Smart
Card-based Attribute-proving",
  booktitle = "Workshop on Foundations of Security and Privacy, FCS-PrivMod
2010, Edinburgh, UK, July 14-15, 2010. Proceedings",
  editor = "Veronique Cortier and Mark Ryan and Vitaly Shmatikov",
  month = "July",
  year = "2010",
  note = "(informal)",
  url = "2010_privmod.pdf"
}

@InProceedings{HankersonMS09,
  author    = "D. Hankerson and A. Menezes and M. Scott",
  title     = "Software Implementation of Pairings",
  booktitle = "Identity-Based Cryptography",
  pages     = "188--206",
  publisher = "IOS Press",
  series    = "CIS",
  volume    = 2,
  year      = 2009,
  editor    = "M. Joye and G. Neven"
}

@misc{ISO9594-8,
   Key = {{ISO 9594-8}},
   publisher = {{ISO, Geneva, Switzerland}},
   type = {{Norm}},
   title = {{Information technology -- Open systems interconnection -- The Directory: Public-key and attribute certificate frameworks}},
   number = {{ISO/IEC 9594-8}},
   year = {{2008}},
}

@InProceedings{BN06,
  author    = "P.S.L.M. Barreto and M. Naehrig",
  title     = "Pairing-friendly elliptic curves of prime order",
  booktitle = "Selected Areas in Cryptography - SAC 2005",
  series    = "LNCS",
  volume    = 3897,
  year      = 2006,
  pages     = "319--331",
  publisher = "Springer",
}

@TechReport{JM00,
  author      = "D. Johnson and A. Menezes",
  title       = "The Elliptic Curve Digital Signature Algorithm ({ECDSA})",
  year        = 2000,
  number      = "CORR 99-34",
  institution = "Department of Combinatorics \& Optimization, University of Waterloo, Canada",
}

@Book{BSS05,
  editor    = "I. Blake and G. Seroussi and N. P. Smart",
  title     = "Advances in Elliptic Curve Cryptography",
  publisher = "Cambridge Univ. Press",
  year      = 2005,
  series    = "LMS",
  number    = 317,
}

@InProceedings{ChaumPedersen93,
  author = "Chaum, David and Pedersen, {Torben Pryds}",
  title = "Wallet Databases with Observers",
  booktitle = "Advances in Cryptology - CRYPTO 1992",
  editor = "Brickell, Ernest F.",
  year = "1993",
  series = "Lecture Notes in Computer Science (LNCS)",
  volume = "740",
  publisher = "Springer Berlin Heidelberg",
  pages = "89--105",
}

@InProceedings{BonehLS01,
  author = "Boneh, Dan and Lynn, Ben and Shacham, Hovav",
  title = "Short Signatures from the {Weil} Pairing",
  booktitle = "Advances in Cryptology - ASIACRYPT 2001",
  editor = "Boyd, Colin",
  series = "Lecture Notes in Computer Science (LNCS)",
  volume = "2248",
  year = "2001",
  publisher = "Springer Berlin Heidelberg",
  pages = "514--532",
}

@Article{BonehLS04,
  author = "Boneh, Dan and Lynn, Ben and Shacham, Hovav",
  title = "Short Signatures from the {Weil} Pairing",
  journal = "Journal of Cryptology",
  volume = "17",
  number = "4",
  month = "September",
  year = "2004",
  publisher = "Springer-Verlag",
  pages = "297--319",
}

@InProceedings{OkamotoPointcheval01,
  author = "Okamoto, Tatsuaki and Pointcheval, David",
  title = "The Gap-Problems: A New Class of Problems for the Security of Cryptographic Schemes",
  booktitle = "Proceedings of the 4th International Workshop on Practice and Theory in Public Key Cryptography: Public Key Cryptography - PKC 2001",
  series = "Lecture Notes in Computer Science (LNCS)",
  volume = "1992",
  year = "2001",
  pages = "104--118",
  publisher = "Springer-Verlag",
}

@InProceedings{Verheul01,
  author = "Verheul, Eric R.",
  title = "Self-Blindable Credential Certificates from the {Weil} Pairing",
  booktitle = "Advances in Cryptology - ASIACRYPT 2001",
  editor = "Boyd, Colin",
  series = "Lecture Notes in Computer Science (LNCS)",
  volume = "2248",
  year = "2001",
  publisher = "Springer Berlin Heidelberg",
  pages = "533--551",
}

@InProceedings{TewsJacobs09,
  author = {Hendrik Tews and Bart Jacobs},
  title = {Performance Issues of Selective Disclosure and Blinded Issuing Protocols on {Java Card}},
  booktitle = {WISTP 2009},
  editor = {Markowitch, Olivier and Bilas, Angelos and Hoepman, Jaap-Henk and Mitchell, Chris and Quisquater, Jean-Jacques},
  pages = {95--111},
  publisher = {Springer-Verlag},
  series = {LNCS},
  volume = {5746},
  month = {September},
  year = {2009}
}

@ARTICLE{IEEE_P1363,
key={IEEE P1363},
journal={IEEE Std 1363-2000},
title={{IEEE} Standard Specifications for Public-Key Cryptography},
year={2000},
}

@InProceedings{Sterckx09,
  author    = "M. Sterckx and B. Gierlichs and B. Preneel and I. Verbauwhede",
  title     = "Efficient Implementation of Anonymous Credentials on {Java Card} Smart Cards",
  booktitle = "Information Forensics and Security -- WIFS 2009",
  year      = 2009,
  pages     = "106--110",
  publisher = "IEEE",
}

@Book{Chen00,
  author    = "Z. Chen",
  title     = "{Java Card} Technology for Smart Cards: Architecture and Programmer's Guide",
  publisher = "Addison-Wesley",
  year      = 2000,
  series    = "Java Series",
}

@Manual{JavaCard-2.2.2_API_documentation,
  title        = "{Java Card} 2.2.2 Application Programming Interface Specification",
  organization = "Sun Microsystems, Inc.",
  year         = 2006,
}

@InProceedings{Vercauteren09,
  author    = "F. Vercauteren",
  title     = "Pairings on elliptic curves",
  booktitle = "Identity-Based Cryptography",
  editor    = "M. Joye and G. Neven",
  series    = "CIS",
  pages     = "13--30",
  publisher = "IOS Press",
  volume    = 2,
  year      = 2009
}

@InProceedings{BonehFranklin01,
  author    = "D. Boneh and M.K. Franklin",
  title     = "Identity-Based Encryption from the {Weil} Pairing",
  booktitle = "Advances in Cryptology - CRYPTO 2001",
  series    = "LNCS",
  volume    = 2139,
  year      = 2001,
  pages     = "213--229",
  publisher = "Springer",
}

@InProceedings{CamenischLysyanskaya04,
  author    = "J. Camenisch and A. Lysyanskaya",
  title     = "Signature Schemes and Anonymous Credentials from Bilinear Maps",
  booktitle = "Advances in Cryptology - CRYPTO 2004",
  series    = "LNCS",
  volume    = 3152,
  pages     = "56--72",
  year      = 2004,
}

@Article{Joux04,
  author    = "A. Joux",
  title     = "A One Round Protocol for Tripartite {Diffie-Hellman}",
  journal   = "Journal of Cryptology",
  volume    = 17,
  number    = 4,
  year      = 2004,
  pages     = "263--276",
  publisher = "Springer",
}

@inproceedings{BrickellCC2004,
  author    = "Ernest F. Brickell and Jan Camenisch and Liqun Chen",
  title     = "Direct Anonymous Attestation",
  booktitle = "Proceedings of the 11th ACM Conference on Computer and Communications
               Security, CCS 2004, Washingtion, DC, USA, October 25-29, 2004",
  editor    = "Vijayalakshmi Atluri and Birgit Pfitzmann and Patrick Drew McDaniel",
  publisher = "ACM",
  month     = "October",
  year      = "2004",
  pages     = "132-145",
}

@techreport{Camenisch2007,
  author      = "Jan Camenisch",
  title       = "Direct Anonymous Attestation Explained",
  institution = "IBM Research",
  month       = "July",
  year        = "2007",
}

@inproceedings{CamenischLysyanskaya2002,
  author    = "Jan Camenisch and Anna Lysyanskaya",
  title     = "A Signature Scheme with Efficient Protocols",
  booktitle = "Security in Communication Networks, Third International
               Conference, SCN 2002, Amalfi, Italy, September 11-13, 2002",
  editor    = "Stelvio Cimato and Clemente Galdi and Giuseppe Persiano",
  publisher = "Springer Verlag",
  series    = "Lecture Notes in Computer Science",
  volume    = "2576",
  year      = "2003",
  pages     = "268-289",
}

@inproceedings{CamenischGroth2004,
  author    = "Jan Camenisch and Jens Groth",
  title     = "Group Signatures: Better Efficiency and New Theoretical Aspects",
  booktitle = "Security in Communication Networks, 4th International Conference,
               SCN 2004, Amalfi, Italy, September 8-10, 2004",
  editor    = "Carlo Blundo and Stelvio Cimato",
  publisher = "Springer",
  series    = "Lecture Notes in Computer Science",
  volume    = "3352",
  year      = "2005",
  pages     = "120-133",
}

@inproceedings{Chaum1983,
  author    = "David Chaum",
  title     = "Blind signatures for untraceable payments",
  booktitle = "Advances in Cryptology -- CRYPTO 1982",
  publisher = "Plemum Publishing",
  editor    = "David Chaum and Ronald L. Rivest",
  year      = "1983",
  pages     = "199--203",
}

@inproceedings{ChaumPedersen1993,
  author    = "Chaum, David and Pedersen, Torben",
  title     = "Wallet Databases with Observers",
  booktitle = "Advances in Cryptology -- CRYPTO 1992",
  series    = "Lecture Notes in Computer Science",
  editor    = "Brickell, Ernest",
  publisher = "Springer-Verlag",
  pages     = "89--105",
  volume    = "740",
  year      = "1993",
}

ï»¿@inproceedings{FiatShamir1987,
  author    = "Fiat, Amos and Shamir, Adi",
  title     = "How To Prove Yourself: Practical Solutions to Identification and Signature Problems",
  booktitle = "Advances in Cryptology -- CRYPTO 1986",
  series    = "Lecture Notes in Computer Science",
  editor    = "Odlyzko, Andrew",
  publisher = "Springer-Verlag",
  pages     = "186-194",
  volume    = "263",
  year      = "1987",
}

@techreport{Idemix_Crypto2010,
  author      = "{Security Team}",
  title       = "Specification of the Identity Mixer Cryptographic Library",
  institution = "IBM Research",
  month       = "December",
  year        = "2010",
}

@phdthesis{Lysyanskaya2002,
  author    = "Lysyanskaya, Anna A.",
  title     = "Signature schemes and applications to cryptographic protocol design",
  month     = "September",
  year      = "2002",
  school    = "Massachusetts Institute of Technology",
}

@inproceedings{Okamoto1993,
  author    = "Tatsuaki Okamoto",
  title     = "Provably Secure and Practical Identification Schemes and
               Corresponding Signature Schemes",
  booktitle = "Advances in Cryptology - CRYPTO 1992",
  pages     = "31-53",
  editor    = "Ernest F. Brickell",
  publisher = "Springer",
  series    = "Lecture Notes in Computer Science",
  volume    = "740",
  year      = "1993",
}

@article{Schnorr1991,
  author    = "Claus-Peter Schnorr",
  title     = "Efficient Signature Generation by Smart Cards",
  journal   = "Journal of Cryptology",
  volume    = "4",
  number    = "3",
  year      = "1991",
  pages     = "161-174",
}
